<record><leader>00000cas a2200000 a 4500</leader><controlfield tag="001">7980466</controlfield><controlfield tag="008">811207c19079999inudr ne      0   a0eng c</controlfield><datafield ind1=" " ind2=" " tag="010"><subfield code="a">sn 83016001 </subfield></datafield><datafield ind1=" " ind2=" " tag="040"><subfield code="a">IUL</subfield><subfield code="b">eng</subfield><subfield code="c">IUL</subfield><subfield code="d">DLC</subfield><subfield code="d">NPW</subfield><subfield code="d">NPI</subfield><subfield code="d">YOX</subfield><subfield code="d">DLC</subfield><subfield code="d">NJW</subfield><subfield code="d">YOX</subfield><subfield code="d">KNP</subfield><subfield code="d">CRL</subfield><subfield code="d">NPI</subfield><subfield code="d">NVF</subfield><subfield code="d">MHN</subfield><subfield code="d">NPI</subfield><subfield code="d">NVF</subfield><subfield code="d">IUL</subfield><subfield code="d">NSD</subfield><subfield code="d">KRTAS</subfield><subfield code="d">OCLCQ</subfield><subfield code="d">NPI</subfield><subfield code="d">TXA</subfield><subfield code="d">OCLCQ</subfield><subfield code="d">OCLCF</subfield></datafield><datafield ind1=" " ind2=" " tag="012"><subfield code="l">a</subfield></datafield><datafield ind1="0" ind2=" " tag="022"><subfield code="a">1930-2533</subfield><subfield code="l">1930-2533</subfield><subfield code="2">1</subfield></datafield><datafield ind1="1" ind2=" " tag="029"><subfield code="a">AU@</subfield><subfield code="b">000002647721</subfield></datafield><datafield ind1="1" ind2=" " tag="029"><subfield code="a">NZ1</subfield><subfield code="b">11697429</subfield></datafield><datafield ind1="1" ind2=" " tag="029"><subfield code="a">NZ1</subfield><subfield code="b">16075050</subfield></datafield><datafield ind1=" " ind2=" " tag="037"><subfield code="b">The Indianapolis Star, P.O. Box 145, Indianapolis, IN 46206-0146</subfield></datafield><datafield ind1=" " ind2=" " tag="042"><subfield code="a">pcc</subfield><subfield code="a">nsdp</subfield></datafield><datafield ind1=" " ind2=" " tag="043"><subfield code="a">n-us-in</subfield></datafield><datafield ind1="0" ind2="0" tag="050"><subfield code="a">Newspaper</subfield></datafield><datafield ind1="1" ind2="0" tag="082"><subfield code="a">071</subfield><subfield code="2">13</subfield></datafield><datafield ind1="0" ind2="4" tag="082"><subfield code="a">071</subfield></datafield><datafield ind1="0" ind2=" " tag="130"><subfield code="a">Indianapolis star (Indianapolis, Ind.)</subfield></datafield><datafield ind1=" " ind2="4" tag="222"><subfield code="a">The Indianapolis star</subfield><subfield code="b">(Indianapolis, Ind.)</subfield></datafield><datafield ind1="1" ind2="4" tag="245"><subfield code="a">The Indianapolis star.</subfield></datafield><datafield ind1="1" ind2=" " tag="246"><subfield code="i">Sunday issues for June 9, 1907-Dec. 17, 1944 published as:</subfield><subfield code="a">Indianapolis Sunday star</subfield></datafield><datafield ind1="1" ind2=" " tag="246"><subfield code="i">Published on July 4th, Labor Day, Thanksgiving, Christmas, New Year's Day, and Memorial Day, Nov. 25, 1994-&lt;Sept. 6, 1999&gt; as:</subfield><subfield code="a">Indianapolis the star &amp; the news</subfield></datafield><datafield ind1="1" ind2=" " tag="246"><subfield code="i">Sunday issues for June 27, 2010- published as:</subfield><subfield code="a">Sunday star</subfield></datafield><datafield ind1="3" ind2=" " tag="246"><subfield code="a">Indianapolis the star and the news</subfield></datafield><datafield ind1=" " ind2=" " tag="260"><subfield code="a">Indianapolis, Ind. :</subfield><subfield code="b">Star Pub. Co.,</subfield><subfield code="c">1907-</subfield></datafield><datafield ind1=" " ind2=" " tag="300"><subfield code="a">v.</subfield></datafield><datafield ind1=" " ind2=" " tag="310"><subfield code="a">Daily</subfield></datafield><datafield ind1="0" ind2=" " tag="362"><subfield code="a">Vol. 4, no. 364 (June 4, 1907)-</subfield></datafield><datafield ind1=" " ind2=" " tag="500"><subfield code="a">Issue called: Indianapolis Sesquicentennial ed., Nov. 7, 1971.</subfield></datafield><datafield ind1=" " ind2=" " tag="515"><subfield code="a">The Indianapolis star &amp; the news has its own enumeration beginning with vol. 1, no. 1, published Nov. 25, 1994.</subfield></datafield><datafield ind1=" " ind2=" " tag="530"><subfield code="a">Also issued online.</subfield></datafield><datafield ind1=" " ind2=" " tag="530"><subfield code="a">Also issued on CD-ROM as: CD news. The Indianapolis star/Indianapolis news.</subfield></datafield><datafield ind1=" " ind2=" " tag="580"><subfield code="a">Evening ed.: Indianapolis news (Indianapolis, Ind. : Daily) &lt;1948&gt;-1999.</subfield></datafield><datafield ind1=" " ind2=" " tag="588"><subfield code="a">Latest issue consulted: Vol. 98, no. 160 (Nov. 12, 2000).</subfield></datafield><datafield ind1=" " ind2="0" tag="651"><subfield code="a">Indianapolis (Ind.)</subfield><subfield code="v">Newspapers.</subfield></datafield><datafield ind1=" " ind2="0" tag="651"><subfield code="a">Marion County (Ind.)</subfield><subfield code="v">Newspapers.</subfield></datafield><datafield ind1=" " ind2="7" tag="655"><subfield code="a">Newspapers.</subfield><subfield code="2">fast</subfield><subfield code="0">(OCoLC)fst01423814</subfield></datafield><datafield ind1=" " ind2="7" tag="651"><subfield code="a">Indiana</subfield><subfield code="z">Indianapolis.</subfield><subfield code="2">fast</subfield><subfield code="0">(OCoLC)fst01205182</subfield></datafield><datafield ind1=" " ind2="7" tag="651"><subfield code="a">Indiana</subfield><subfield code="z">Marion County.</subfield><subfield code="2">fast</subfield><subfield code="0">(OCoLC)fst01213920</subfield></datafield><datafield ind1=" " ind2=" " tag="752"><subfield code="a">United States</subfield><subfield code="b">Indiana</subfield><subfield code="c">Marion</subfield><subfield code="d">Indianapolis.</subfield></datafield><datafield ind1="1" ind2=" " tag="775"><subfield code="t">Indianapolis news (Indianapolis, Ind. : Daily)</subfield><subfield code="w">(DLC)sn 82015664</subfield><subfield code="w">(OCoLC)8808048</subfield></datafield><datafield ind1="1" ind2=" " tag="776"><subfield code="t">CD news. The Indianapolis star/Indianapolis news</subfield><subfield code="w">(OCoLC)34155263</subfield></datafield><datafield ind1="0" ind2="8" tag="776"><subfield code="i">Online version:</subfield><subfield code="t">Indianapolis star (Indianapolis, Ind.)</subfield><subfield code="w">(DLC)  2011263083</subfield><subfield code="w">(OCoLC)137348746</subfield></datafield><datafield ind1="0" ind2="0" tag="780"><subfield code="t">Indianapolis morning star</subfield><subfield code="w">(DLC)sn 82015665</subfield><subfield code="w">(OCoLC)8808033</subfield></datafield><datafield ind1="0" ind2="5" tag="780"><subfield code="t">Indianapolis news (Indianapolis, Ind. : Daily)</subfield><subfield code="w">(DLC)sn 82015664</subfield><subfield code="w">(OCoLC)8808048</subfield></datafield><datafield ind1="4" ind2="1" tag="856"><subfield code="u">http://www.lexisnexis.com/</subfield></datafield><datafield ind1="4" ind2="1" tag="856"><subfield code="u">http://www.newsbank.com/</subfield></datafield><datafield ind1="4" ind2="1" tag="856"><subfield code="u">http://proquest.umi.com/</subfield></datafield><datafield ind1="4" ind2="1" tag="856"><subfield code="u">http://www.indystar.com</subfield></datafield><datafield ind1=" " ind2=" " tag="938"><subfield code="a">Kirtas Technologies, Inc.</subfield><subfield code="b">KRTS</subfield><subfield code="n">735905</subfield></datafield></record>